<?xml version="1.0" encoding="UTF-8"?><collection xmlns="http://www.loc.gov/MARC21/slim"><record><leader>00332nam--2200121-i-4500</leader><controlfield tag="001">000045819</controlfield><controlfield tag="002">20161230</controlfield><controlfield tag="005">20161230201045</controlfield><controlfield tag="008">060222s1000------------r-----000-0-eng-d</controlfield><datafield ind1=" " ind2=" " tag="100"><subfield code="a">Vajda, S</subfield></datafield><datafield ind1=" " ind2=" " tag="245"><subfield code="a">Readings in mathematical programming. second edition</subfield></datafield><datafield ind1=" " ind2=" " tag="260"><subfield code="a">London, Isaac Pitman &amp; Sons, Ltd., 1962, Viii+130p</subfield></datafield><datafield ind1=" " ind2=" " tag="852"><subfield code="a">15247</subfield></datafield></record></collection>